9600 12604
476 628 916 116 HARVARD
1508 640 888 116 COLLEGE
2508 636 1400 120 OBSERVATORY

1196 888 1348 124 ANNOUNCEMENT
2620 896 428 112 CARD
3124 900 72 108 2

624 1416 508 112 ENSOR'S
1200 1416 472 116 COMET.
1724 1472 140 40 â€”
1904 1420 564 108 Professor
2544 1420 320 116 Frost
2936 1420 368 112 writes
3372 1420 260 120 that
3696 1440 224 100 two

476 1552 572 120 half-hour
1120 1584 604 104 exposures
1800 1556 268 112 with
2152 1556 196 112 the
2424 1552 448 116 24-inch
2952 1556 508 116 reflector
3532 1560 120 112 of
3732 1560 192 112 the

476 1692 432 112 Yerkes
944 1688 768 144 Observatory
1760 1696 148 136 by
1964 1692 240 112 Van
2260 1692 660 112 Biesbroeck
2964 1732 144 68 on
3156 1692 404 112 March
3620 1704 300 100 15.41

472 1832 228 108 and
776 1832 308 104 15.43
1136 1824 304 112 show
1504 1864 140 68 no
1712 1848 300 92 trace
2060 1828 120 112 of
2248 1824 448 112 Ensorâ€™s
2752 1844 408 96 comet.
3264 1832 244 108 The
3560 1828 368 144 plates

480 2000 280 76 were
804 1960 520 112 centered
1364 1996 152 76 on
1564 1968 184 104 21h
1812 1972 252 124 44m,
2160 1968 328 104 +47Â°
2532 1964 176 104 40'
2756 1964 220 108 and
3024 2000 284 76 were
3356 1968 408 112 moved
3784 2008 136 68 so

476 2144 128 68 as
660 2124 120 88 to
840 2096 364 112 follow
1268 2096 196 112 the
1520 2100 432 112 motion
2008 2100 116 108 of
2188 2100 192 108 the
2436 2136 412 72 unseen
2908 2100 412 136 object.
3420 2100 256 140 Any

480 2240 212 132 object
772 2272 128 72 as
964 2232 368 128 bright
1408 2268 128 76 as
1604 2236 188 108 the
1856 2236 560 108 sixteenth
2488 2236 652 124 magnitude
3208 2240 364 108 would
3644 2240 284 108 have

476 2372 384 112 shown
912 2404 148 72 on
1120 2368 192 108 the
1364 2372 400 136 plates.

632 2576 332 104 From
1028 2572 412 108 orbital
1504 2572 848 136 computations
2416 2572 144 132 by
2636 2568 724 132 Crommelin,
3432 2576 504 124 Merton,

488 2704 560 132 Merfield,
1100 2708 224 108 and
1376 2708 424 128 others,
1856 2712 68 104 it
1992 2744 232 72 was
2268 2704 692 128 anticipated
3016 2708 256 108 that
3328 2704 188 112 the
3564 2724 372 92 comet

484 2848 368 108 would
912 2844 136 100 be
1104 2884 64 64 a
1228 2844 624 136 naked-eye
1900 2840 384 136 object
2336 2868 108 80 at
2512 2840 228 112 this
2792 2840 312 112 time.
3196 2848 176 100 On
3428 2844 504 132 January

504 2996 104 96 11
696 2988 220 100 Mr.
996 2980 392 124 Wood,
1460 3004 100 88 at
1640 2976 900 132 Johannesburg,
2612 2972 344 112 found
3028 2976 192 108 the
3288 2980 648 124 magnitude

492 3140 116 88 to
684 3120 136 104 be
896 3124 212 100 7.5.
1224 3104 252 124 The
1540 3132 372 92 comet
1988 3148 228 76 was
2292 3112 264 108 then
2636 3108 708 136 brightening
3412 3112 516 136 steadily,

484 3252 224 112 had
772 3296 68 64 a
896 3248 300 132 large
1256 3252 328 120 head,
1644 3248 268 112 with
1980 3248 320 132 fairly
2364 3248 240 108 well
2664 3244 432 108 defined
3164 3244 488 136 nucleus,
3712 3248 220 112 and

488 3436 68 64 a
600 3388 308 144 short
960 3392 208 116 ð¬¶
1220 3388 112 108 of
1384 3388 380 136 nearly
1812 3420 212 72 one
2072 3380 432 136 degree.
2600 3380 180 112 No
2820 3380 780 112 observations
3640 3384 304 108 since

488 3528 660 136 perihelion
1212 3492 560 168 February
1840 3528 168 124 12,
2060 3520 292 108 have
2400 3516 280 112 been
2736 3516 496 112 received
3292 3520 288 108 here.

648 3836 852 108 BLATHWAYTâ€™S
1628 3832 456 108 COMET.
2136 3884 140 20 â€”
2316 3820 928 140 Supplementing
3368 3824 196 112 the

500 4000 360 80 estimates
908 3972 116 104 of
1084 3968 632 132 brightness
1768 3968 328 124 given
2156 3960 104 112 in
2328 3960 432 112 H.A.C.
2828 3968 92 128 1,
2980 3960 240 112 Van
3288 3960 656 112 Biesbroeck

488 4112 316 148 gives
908 4108 656 128 magnitude
1664 4108 380 108 fifteen
2148 4100 172 108 for
2416 4096 200 116 the
2708 4092 296 116 total
3100 4096 636 132 brightness
3828 4092 120 112 of

504 4244 748 140 Blathwaytâ€™s
1292 4260 376 96 comet
1704 4276 152 76 on
1904 4236 404 112 March
2356 4240 104 120 9,
2508 4232 480 136 visually
3032 4232 596 116 estimated
3672 4228 272 116 with

496 4384 196 112 the
768 4384 448 108 40-inch
1296 4384 596 132 telescope.
2020 4376 124 108 In
2232 4372 192 112 the
2500 4368 424 112 central
3000 4368 800 112 condensation
3880 4408 68 72 a

492 4516 564 116 sixteenth
1116 4512 664 140 magnitude
1828 4504 516 120 star-like
2396 4504 464 116 nucleus
2908 4540 232 76 was
3192 4504 268 112 then
3516 4504 432 112 visible.

644 4824 592 112 HARVARD
1304 4828 1016 104 ANNOUNCEMENT
2380 4812 436 108 CARDS.
2860 4860 144 28 â€”
3044 4808 244 112 The
3348 4808 328 112 cards
3728 4804 224 112 will

496 4964 252 124 give
804 4960 728 120 ð¬¶
1592 4952 728 116 distribution
2424 4964 120 92 to
2640 4960 960 96 announcements

492 5056 540 172 concerning
1064 5092 140 112 the
1256 5096 588 128 discovery
1900 5088 228 112 and
2180 5080 788 112 observations
3016 5080 120 108 of
3188 5096 464 108 comets,
3712 5112 240 76 new

492 5256 336 92 stars,
880 5192 552 148 asteroids
1480 5232 116 108 of
1644 5220 500 144 peculiar
2188 5220 504 132 interest,
2740 5216 232 108 and
3016 5216 420 108 similar
3484 5212 468 132 objects.

496 5368 716 108 Subscribers
1280 5388 124 92 to
1476 5368 192 108 the
1740 5352 680 140 telegraphic
2484 5348 424 116 service
2976 5352 220 108 will
3268 5348 424 112 receive
3760 5348 196 112 the

496 5528 912 92 announcement
1468 5496 328 132 cards
1856 5492 488 112 without
2404 5488 444 124 charge.
2952 5484 420 112 Others
3436 5516 260 104 may

504 5640 236 112 obtain
800 5640 188 108 the
1036 5636 340 116 series
1420 5632 560 136 regularly
2032 5628 172 108 for
2252 5660 212 76 one
2512 5620 360 112 dollar
2920 5656 68 72 a
3032 5652 304 104 year.
3432 5616 240 116 The

504 5776 316 108 material
904 5776 616 136 appearing
1596 5804 144 84 on
1828 5768 192 108 the
2100 5760 328 112 cards
2504 5760 220 108 will
2804 5772 204 92 not
3084 5756 140 108 be
3300 5752 480 136 printed
3832 5788 128 76 as

500 5912 628 112 heretofore
1176 5912 108 112 in
1336 5916 192 104 the
1580 5900 552 120 Bulletins
2172 5896 120 112 of
2336 5892 192 116 the
2584 5892 520 112 Harvard
3148 5880 804 140 Observatory.

504 6268 384 112 March
964 6280 160 124 18,
1184 6272 280 108 1926

2804 6248 532 108 HARLOW
3412 6236 540 120 SHAPLEY
