9600 12604
528 380 912 120 HARVARD
1548 380 880 120 COLLEGE
2540 388 1368 116 OBSERVATORY

1200 636 1328 116 ANNOUNCEMENT
2600 640 428 116 CARD
3112 648 128 104 13

640 1028 344 88 COMAS
1064 1028 336 84 SOLA'S
1480 1028 344 84 COMET
1908 1032 272 96 (1926
2216 1028 112 96 f).
2360 1072 120 16 —
2512 1032 196 84 The
2788 1032 452 96 following
3316 1032 432 84 elements
3824 1032 100 88 of

524 1160 344 88 Comas
924 1160 292 88 Sola's
1280 1172 304 76 comet
1648 1184 232 64 were
1940 1164 492 100 computed
2496 1164 124 100 by
2688 1164 184 84 Mr.
2940 1168 100 84 L.
3104 1168 108 84 E.
3276 1168 636 96 Cunningham

564 1320 196 64 rom
824 1296 640 88 observations
1520 1320 120 60 on
1704 1296 528 88 November
2292 1300 84 92 6,
2448 1300 132 96 12,
2640 1300 180 84 and
2880 1304 116 84 30
3056 1300 680 100 (unpublished)
3796 1300 120 100 by

528 1432 344 92 Comas
956 1428 244 100 Sola,
1284 1428 416 100 Merton,
1780 1432 180 84 and
2052 1432 196 84 Van
2332 1432 576 100 Biesbroeck,
2984 1436 624 100 respectively.
3724 1436 196 84 The

528 1568 400 100 identity
996 1564 104 88 of
1160 1572 308 80 comet
1540 1568 220 84 1926
1800 1564 36 84 f
1896 1568 180 84 and
2144 1576 304 76 comet
2520 1572 220 80 1890
2804 1568 176 84 VII
3044 1592 288 64 seems
3392 1580 100 76 to
3556 1568 112 88 be
3728 1568 192 84 well

524 1700 592 88 established.

1028 3220 736 92 CONSTANTS
1824 3220 244 88 FOR
2132 3220 260 88 THE
2452 3220 620 100 EQUATOR,
3144 3224 308 84 1926.0

1228 3408 56 60 x
1348 3412 72 36 =
1468 3412 44 56 r
1560 3376 496 104 [9.989746]
2096 3380 140 84 sin
2288 3364 252 116 (193°
2600 3380 144 84 28'
2808 3380 152 84 29"
3024 3384 200 96 +v)

1228 3528 56 72 y
1352 3532 72 36 =
1468 3532 44 56 r
1560 3500 500 100 [9.944358]
2096 3500 144 84 sin
2292 3504 208 96 (110
2612 3504 100 80 17
2808 3500 112 84 59
3020 3504 204 92 +v)

1232 3636 48 68 Z
1348 3656 68 32 =
1464 3652 40 52 r
1556 3620 496 100 [9.717418]
2088 3620 144 84 sin
2292 3624 200 80 (82
2596 3624 112 80 23
2800 3624 112 80 50
3008 3624 212 96 +v)

656 5004 668 84 BETELGEUSE.
1360 5044 120 20 —
1520 5004 180 88 Mr.
1784 5004 304 84 Frank
2172 5000 108 88 E.
2364 5000 480 100 Seagrave,
2924 5000 104 84 of
3108 4996 296 88 North
3488 4996 432 100 Scituate,

532 5136 120 88 R.
724 5136 112 100 I.,
904 5148 360 88 reports
1328 5160 56 60 a
1448 5136 280 104 slight
1792 5136 420 84 decrease
2280 5136 92 80 in
2440 5132 160 84 the
2664 5128 512 100 brightness
3240 5132 100 84 of
3404 5132 520 96 Betelgeuse

536 5276 92 96 (α
676 5272 436 96 Orionis).
1192 5272 388 104 Usually,
1608 5272 104 88 of
1752 5268 532 100 magnitude
2316 5268 180 96 0.8,
2532 5292 104 60 or
2668 5260 372 104 slightly
3076 5264 428 100 brighter,
3544 5268 156 84 the
3732 5276 188 76 star

528 5408 76 84 is
648 5432 204 60 now
892 5404 292 88 about
1224 5404 268 100 equal
1532 5416 104 76 to
1676 5404 552 96 Aldebaran,
2264 5428 104 60 or
2408 5396 532 104 magnitude
2988 5404 168 80 1.0.

2636 5664 540 84 HARLOW
3240 5664 568 88 SHAPLEY

528 5804 456 88 December
1028 5812 140 88 15,
1212 5812 228 80 1926
