9600 12604
484 500 904 108 HARVARD
1500 496 872 112 COLLEGE
2484 496 1372 120 OBSERVATORY

1196 748 1328 112 ANNOUNCEMENT
2596 744 424 116 CARD
3104 756 48 100 1

628 1272 580 104 HARVARD
1288 1268 996 108 ANNOUNCEMENT
2360 1268 432 108 CARDS.
2828 1296 148 56 —
3016 1268 272 112 This
3356 1300 332 76 series
3756 1268 120 112 of

484 1404 324 108 cards
888 1404 216 108 will
1188 1400 252 128 give
1532 1404 628 104 immediate
2248 1400 712 108 distribution
3052 1416 120 96 to
3256 1436 624 76 announcements

468 1560 548 92 of
1060 1556 452 96 current
1544 1536 524 112 interest,
2112 1540 512 96 received
2664 1552 112 88 at
2836 1528 192 112 the
3092 1544 780 96 Harvard

484 1708 260 72 Bureau
828 1672 120 104 of
1032 1668 812 112 Astronomical
1928 1668 672 136 Telegrams,
2684 1672 656 132 concerning
3424 1688 452 116 comets,

484 1804 580 136 asteroids,
1124 1840 240 72 new
1416 1816 336 120 stars,
1808 1804 224 108 and
2088 1804 416 108 similar
2560 1820 504 92 matters.
3188 1808 696 108 Subscribers

488 1956 116 96 to
684 1944 196 104 the
960 1940 668 132 telegraphic
1704 1940 420 108 service
2204 1940 212 108 will
2496 1940 420 108 receive
2996 1940 188 108 the
3260 1976 620 72 announcements

468 2108 736 76 cards
1268 2096 460 84 without
1808 2084 436 104 charge.
2404 2076 408 108 Others
2884 2092 248 92 may
3204 2080 404 100 obtain
3668 2076 200 100 the

484 2212 328 108 series
888 2208 548 132 regularly
1516 2208 168 108 for
1756 2240 212 76 one
2044 2224 348 92 dollar
2472 2248 68 68 a
2616 2240 296 100 year.
3060 2212 240 104 The
3380 2204 496 116 material

484 2348 604 132 appearing
1128 2380 148 68 on
1328 2360 188 88 the
1560 2344 324 104 cards
1924 2340 220 112 will
2192 2360 200 92 not
2436 2344 136 108 be
2616 2344 440 132 printed
3104 2380 124 72 as
3268 2344 616 108 heretofore

488 2484 104 100 in
648 2480 196 108 the
904 2480 508 108 Harvard
1476 2476 520 108 Bulletin.

632 2676 840 116 BLATHWAYT’S
1580 2672 456 108 COMET.
2084 2728 140 16 —
2268 2672 644 132 Ephemeris
3024 2672 592 132 computed
3732 2676 148 128 by

488 2812 516 108 Maxwell
1084 2812 220 104 and
1384 2808 380 108 Storer
1848 2804 636 136 (Berkeley)
2568 2812 280 104 from
2928 2808 772 108 observations
3768 2808 120 108 of

484 2952 496 108 January
1052 2952 124 100 16
1224 2944 220 108 and
1500 2952 140 96 22
1688 2940 220 108 and
1964 2940 568 136 February
2584 2952 104 100 9.

484 5004 240 112 The
772 5004 252 108 unit
1068 5004 116 108 of
1236 5000 632 128 brightness
1916 5032 92 72 is
2056 4996 256 104 that
2360 4996 112 104 of
2524 4996 496 132 January
3072 5000 176 100 22.

628 5204 564 112 Professor
1264 5204 328 108 Frost
1664 5200 372 108 writes
2108 5192 256 112 that
2432 5196 192 112 the
2696 5216 368 92 comet
3132 5224 352 84 seems
3552 5204 116 96 to
3744 5192 136 112 be

484 5340 380 136 fading
916 5340 332 108 much
1304 5372 300 76 more
1656 5336 276 104 than
1984 5332 580 128 expected:

484 6304 388 112 March
928 6300 172 132 12,
1160 6304 300 108 1926

2680 6288 524 108 HARLOW
3272 6284 532 112 SHAPLEY
